@book{gauss,
	Author = {Carl Friedrich Gau\ss},
	Title = {General Investigations of Curved Surfaces},
	Year = {1827}}